% Encoding: windows-1252

@Article{Malenica_1999,
  Title                    = {Second-order water wave diffraction by an array of vertical cylinders},
  Author                   = {Malenica \v{S} and Eatock Taylor R. and Huang J.B.},
  Journal                  = {J. Fluid Mech.},
  Year                     = {1999}
}

@Article{irregularFrequencySimeXiaoBo,
  author  = {Malenica \v{S} and Chen X.B.},
  title   = {On the irregular frequencies appearing in wave diffraction-radiation solutions},
  journal = {Intl J. Offshore Polar Engg},
  year    = {1998},
  pages   = {2,110--114},
}

@InProceedings{Malenica_2003_tanks,
  Title                    = {Dynamic coupling of seakeeping and sloshing},
  Author                   = {Malenica \v{S}. and Zalar M. and Chen X.B.},
  Booktitle                = {$13^{th}$ International Offshore and Polar Engineering Conference},
  Year                     = {2003},

  Address                  = {Hawai}
}


@Misc{ICEM,
  author       = {{ANSYS}},
  title        = {{ICEM}},
  howpublished = {http://www.ansys.com/products/icemcfd.asp},
  source       = {internet},
}

@InProceedings{Aranha_1991,
  author =    {Aranha, J. A. P.},
  title =     {Wave groups and slow motion of an ocean structure.},
  booktitle = {IWWWFB},
  year =      {1991},
  keywords =  {WaveCurrent},
  owner =     {gdehauteclocque},
  timestamp = {2016.11.09}
}

@Article{Aranha_1996,
  author =   {Aranha,J. A. P.},
  title =    {Second-order horizontal steady forces and moment on a floating body with small forward speed},
  journal =  {Journal of Fluid Mechanics},
  year =     {1996},
  volume =   {313},
  pages =    {39--54},
  month =    {4},
  doi =      {10.1017/S002211209600211X},
  issn =     {1469-7645},
  keywords = {WaveCurrent},
  numpages = {16},
  url =      {http://journals.cambridge.org/article_S002211209600211X}
}

@TechReport{Vertiwind2012_Lift,
  author = {J. Barasc},
  title  = {{Lifting Analysis}},
  year   = {2012},
}

@TechReport{Bigot2009,
  author = {F. Bigot},
  title  = {{Quelques id\' ees pour la lin\' earisation de la partie quadratique de la formule de Morison, en bidirectionel}},
  year   = {2009},
}

@Article{Borgman1967,
  author    = {Borgman, E. Leon},
  title     = {{Random Hydrodynamic Forces on Objects}},
  journal   = {Ann. Math. Statist.},
  year      = {1967},
  pages     = {37--51},
  keywords  = {Morison},
  publisher = {The Institute of Mathematical Statistics},
}

@Article{Borgman1967a,
  author    = {Borgman, Leon E.},
  title     = {{Random Hydrodynamic Forces on Objects}},
  journal   = {Ann. Math. Statist.},
  year      = {1967},
  pages     = {37--51},
  publisher = {The Institute of Mathematical Statistics},
}

@InProceedings{Brun_OTC_2008,
  author    = {{Brun, C.} and {Rezende, F.} and {Coache, D.} and {Mombaerts, J.}},
  title     = {{Impact of the use of Full QTF on LNG moored in shallow water studies}},
  booktitle = {Offshore Technology Conference, Houston, Texas},
  year      = {2008},
  keywords  = {QTF},
}

@TechReport{interwet,
  author      = {BureauVeritas-ResearchDepartment},
  title       = {{Intermittent wetting NT3117}},
  institution = {Bureau Veritas},
  year        = {2014},
  timestamp   = {2015.09.15},
}

@PhdThesis{Chau_PhD_1989,
  Title                    = {The second order velocity potential for diffraction of waves by fixed offshore structure.},
  Author                   = {F.P. Chau},
  School                   = {University College Londond},
  Year                     = {1989},

  Keywords                 = {QTF}
}

@InProceedings{Chen_Duan_2007,
  author    = {{Chen , X.B. } and { Duan, F. }},
  title     = {{Formulations of low-frequency QTF by $O(\Delta \omega$) approximation}},
  booktitle = {22nd International Workshop on Water Waves and Floating Bodies, Plitvice (Croatia)},
  year      = {2007},
  keywords  = {QTF},
}

@PhdThesis{Chen_PhD_1988,
  Title                    = {Etude des r\'eponses du second ordre d'une structure soumise \`a une houle al\'eatoire},
  Author                   = {Chen, X.B.},
  School                   = {Univ. Nantes, ENSM.},
  Year                     = {1988},

  Keywords                 = {QTF}
}

@Article{Chen_1994,
  author   = {Chen, X.B.},
  title    = {Approximation on the quadratic transfer function of low-frequency loads.},
  journal  = {Proc. 7th Intl Conf. Behaviour Off. Structures, BOSS'94},
  year     = {1994},
  pages    = {289--302},
  keywords = {QTF},
}

@Article{Chen2004,
  author =  {Chen, X.B},
  title =   {Hydrodynamics in Offshore and Naval Applications},
  journal = {6th International Conference on Hydrodynamics, Perth, Australia},
  year =    {2004}
}

@Article{HydroPartI,
  author  = {X.B. Chen},
  title   = {Hydrodynamics in offshore and naval applications - {Part I}},
  journal = {Keynote lecture of 6th Intl. Conf. HydroDynamics, Perth (Australia)},
  year    = {2004},
}

@Article{Chen_middlefield_2006,
  Title                    = {Middle-field formulation for the computation of wave-drift loads.},
  Author                   = {Chen, X.B.},
  Journal                  = {Journal of Engineering Mathematics},
  Year                     = {2006},

  Keywords                 = {QTF}
}

@Article{Chen_Malenica_1998,
  author =   {Chen, X.B. and Malenica, S.},
  title =    {{Interaction Effects of Local Steady Flow on Wave Diffraction-Radiation at Low Forward Speed}},
  journal =  {{International Journal of Offshore and Polar Engineering}},
  year =     {1998},
  volume =   {8},
  pages =    {102-109},
  keywords = {WaveCurrent}
}

@Article{Chen_1993,
  author   = {Xiao-Bo Chen},
  title    = {{Evaluation de la fonction de Green du probl\`eme de diffraction/radiation en profondeur d'eau finie}},
  year     = {1993},
  keywords = {Green},
}

@InProceedings{Chen_2004,
  author    = {Chen, X.-B.},
  title     = {{Hydrodynamics in Offshore and Naval Applications - Part I}},
  booktitle = {$6^{th}$ International Conference on Hydrodynamics, Perth, Australia},
  year      = {2004},
}

@InProceedings{Chen_Monroy_deHautclocque_2012,
  author    = {{Chen, X.B.} and {Monroy, C.} and {de Hauteclocque, G.}},
  title     = {{Taylor Expansion of Second-Order Wave Loads}},
  booktitle = {$10^{th}$ International Conference on Hydrodynamics, Saint Petersburg, Russia},
  year      = {2012},
  keywords  = {QTF},
}

@InProceedings{Chen_Rezende_2008,
  Title                    = {Computations of low-frequency wave loading},
  Author                   = {{Chen, X.B.} and {Rezende, W.Y.}},
  Booktitle                = {$23^{rd}$ IWWWFB},
  Year                     = {2008},

  Keywords                 = {QTF}
}

@Article{CLARK199353,
  author =   {P.J. Clark and Å . Malenica and B. Molin},
  title =    {An heuristic approach to wave drift damping},
  journal =  {Applied Ocean Research},
  year =     {1993},
  volume =   {15},
  number =   {1},
  pages =    {53 - 55},
  doi =      {http://dx.doi.org/10.1016/0141-1187(93)90032-S},
  issn =     {0141-1187},
  keywords = {WaveCurrent},
  url =      {http://www.sciencedirect.com/science/article/pii/014111879390032S}
}

@Article{Cummins,
  Title                    = {The impulse response function and ship motions.},
  Author                   = {Cummins, W. E.},
  Journal                  = {Schiffstechnik},
  Year                     = {1962},

  Keywords                 = {TimeDomain}
}

@InProceedings{De-hauteclocque_QTF_2012,
  Title                    = {Review of approximations to evaluate second-order low-frequency load},
  Author                   = {{de Hauteclocque, G} and {Rezende, F} and {Waals, O} and {Chen, X.B.}},
  Booktitle                = {$31^{st}$ International Conference on Offshore and Artic Engineering, Rio de Janeiro, Brazil},
  Year                     = {2012},

  Keywords                 = {QTF}
}

@TechReport{Derbanne_2002,
  Title                    = {{Probl\`{e}me de tenue \`{a} la mer en profondeur finie avec petite vitesse d'avance.}},
  Author                   = {Derbanne, Q.},
  Institution              = {ENSTA - Bureau Veritas},
  Year                     = {2002},
  Month                    = {Juin},

  Keywords                 = {WaveCurrent}
}

@InProceedings{Derbanne_2012,
  author =    {Quentin Derbanne and Fabien Bigot and Guillaume de Hauteclocque},
  title =     {Comparison of design wave approach and short term approach with increased wave height in the evaluation of whipping induced bending moment},
  booktitle = {ASME 2012 31st International Conference on Ocean, Offshore and Arctic Engineering (OMAE)},
  year =      {2012},
  journal =   {OMAE},
  keywords =  {EDW}
}

@InProceedings{1e-2,
  author =    {Quentin Derbanne and Flavia Rezende and Guillaume de Hauteclocque and Xiao-Bo Chen},
  title =     {Evaluation of rule-based fatigue design loads associated at a new probability level},
  booktitle = {Proceedings of the Twenty-first (2011) International Offshore and Polar Engineering Conference},
  year =      {2011},
  pages =     {929-935},
  journal =   {ISOPE},
  keywords =  {Rules}
}

@PhdThesis{Dietz_PhD,
  author =   {JS Dietz},
  title =    {Application of conditional waves as critical wave episodes for extreme loads on marine structures},
  school =   {Technical University of Denmark},
  year =     {2004},
  keywords = {EDW}
}



@PhdThesis{Gazzola_PhD,
  author   = {T. Gazzola},
  title    = {{Contributions aux probl\`emes d'impacts non-lin\'eaires : le probl\`eme de Wagner coupl\'e}},
  school   = {ECP},
  year     = {0000},
  keywords = {Slamming},
}

@Article{Maruo_1960,
  Title                    = {The drift of a body floating on waves},
  Author                   = {Maruo H.},
  Journal                  = {Journal of Ship Research},
  Year                     = {1960},

  Keywords                 = {QTF}
}

@TechReport{ColisLourd_I_BV,
  Title                    = {Summary report and recommandations},
  Author                   = {Guillaume de Hauteclocque},
  Institution              = {Bureau Veritas},
  Year                     = {2009},
  Note                     = {CITEPH Installation de colis lourd en grande profondeur},
  Number                   = {ATA 1321A}
}

@TechReport{exWaveBenchmark,
  author =      {de Hauteclocque, G},
  title =       {Wave-current-interaction, software benchmark},
  institution = {ExWave JIP},
  year =        {2016},
  keywords =    {WaveCurrent},
  owner =       {gdehauteclocque},
  timestamp =   {2016.12.20}
}

@InProceedings{PRADS_waveParameter,
  author =    {Guillaume de Hauteclocque and Quentin Derbanne},
  title =     {Generalized wave parameter for rules formulae},
  booktitle = {13th International Symposium on Practical Design of Ships and Other Floating Structures (PRADS)},
  year =      {2016},
  journal =   {PRADS},
  keywords =  {Rules},
  timestamp = {2016.02.19}
}

@InProceedings{De-hauteclocque_EDW_2012,
  author =    {Guillaume de Hauteclocque and Quentin Derbanne and Amine El-Gharbaoui},
  title =     {Comparison of different Equivalent Design Waves with spectral analysis.},
  booktitle = {ASME 2012 31st International Conference on Ocean, Offshore and Arctic Engineering (OMAE)},
  year =      {2012},
  number =    {83405},
  pages =     {353-361},
  journal =   {OMAE},
  keywords =  {EDW}
}

@InProceedings{PRADS_NR625,
  author =    {Guillaume de Hauteclocque and Charles Monroy and Fabien Bigot and Quentin Derbanne},
  title =     {New rules for container-ships - Simplified formulae for wave loads.},
  booktitle = {13th International Symposium on Practical Design of Ships and Other Floating Structures (PRADS)},
  year =      {2016},
  journal =   {PRADS},
  keywords =  {Rules},
  timestamp = {2016.02.19}
}

@Article{Heidman_Sarpkaya_1985,
  author  = {J.C. Heidman and T. Sarpkaya},
  title   = {{Hydrodynamics Forces on dense arrays of cylinders}},
  journal = {Offshore Technology conference},
  year    = {1985},
}

@TechReport{ColisLourd_II_EssaiManifold,
  author      = {E. le Hir},
  title       = {{Basins Tests Report - Manifold}},
  institution = {Oceanide},
  year        = {2011},
  number      = {C09.2.054},
  note        = {CITEPH Colis lourd II},
}

@Article{Charaf_i3wfb_2015,
  author   = {Charaf Ouled Housseine},
  title    = {{A new linearization method for vectorial Morison equation}},
  journal  = {30th International Workshop on Water Waves and Floating Bodies, Bristol (UK)},
  year     = {April 12-15 2015},
  keywords = {Morison},
}

@PhdThesis{Huijsmans_PhD_1996,
  author = {Huijsmans, R.},
  title  = {{Mathematical Modelling of the Mean Wave Drift Force in Current. A Numerical and Experimental study.}},
  school = {TU Delft, Netherlands},
  year   = {1996},
}

@Article{HusebyGrue2000,
  Title                    = {An experimental investigation of high-harmonic wave forces on a vertical cylinder},
  Author                   = {Morten Huseby and John Grue},
  Journal                  = {J. Fluid Mech.},
  Year                     = {2000},
  Pages                    = {75-103},
  Volume                   = {414},

  Owner                    = {cmonroy},
  Timestamp                = {2016.08.23}
}

@TechReport{hsrFatTB,
  author      = {IACS-HPT08},
  title       = {{Correction Factor for Non-Linear Wave Pressure along Ship Side}},
  institution = {IACS},
  keywords    = {Rules},
  timestamp   = {2015.09.15},
}

@MastersThesis{SoichiIto1977,
  Title                    = {Study of the transient heave oscillation of a floating cylinder},
  Author                   = {Soichi Ito},
  School                   = {Massachussets Institute of Technology},
  Year                     = {1977},

  Timestamp                = {2016.09.05}
}

@Article{PinkSpread,
  Title                    = {The influence of directional spreading of waves on mooring forces},
  Author                   = {Pinkster J.},
  Journal                  = {OTC Houston(USA)},
  Year                     = {1988}
}

@Article{Orozco_2005,
  Title                    = {Some aspects of seakeeping of the floating body with attached pendulum},
  Author                   = {Orozco J.M. and X.B. Chen and Malenica S. },
  Journal                  = {Maritime Transportation and Exploitation of Ocean and Coastal Resources},
  Year                     = {2005}
}

@PhdThesis{JacobsenPhD,
  Title                    = {A full hydro- and morphodynamic description of breaker bar development},
  Author                   = {N.G. Jacobsen},
  School                   = {Technical University of Denmark},
  Year                     = {2011},

  Timestamp                = {2016.08.26}
}

@Article{Jacobsen2012,
  Title                    = {A wave generation toolbox for the Open-Source CFD library: OpenFOAM},
  Author                   = {N.G. Jacobsen and D. R. Furman and J. Fredsoe},
  Journal                  = {International Journal for Numerical Methods in Fluids},
  Year                     = {2012},
  Number                   = {9},
  Pages                    = {1073-1088},
  Volume                   = {70},

  Timestamp                = {2016.08.26}
}

@PhdThesis{JasakPhD,
  Title                    = {Error analysis and estimation foor the Finite Volume method with applications to fluid Flow},
  Author                   = {H. Jasak},
  School                   = {Imperial College, University of London},
  Year                     = {1996},

  Timestamp                = {2016.09.06}
}

@Article{JasakCPlusPlus2004,
  Title                    = {In-Cylinder CFD Simulation Using a C++ Object-Oriented Toolkit},
  Author                   = {H. Jasak and H.G. Weller and N. Nordin},
  Journal                  = {Int. J. Num. Meth. Engineering},
  Year                     = {2004},

  Timestamp                = {2016.09.06}
}

@PhdThesis{Dietz_PhD,
  Title                    = {Application of conditional waves as critical wave episodes for extreme loads on marine structures},
  Author                   = {Dietz JS.},
  School                   = {Technical University of Denmark},
  Year                     = {2004},

  Keywords                 = {EDW}
}

@Article{Jensen2006330,
  author =   {Jensen, Juncher J{\o}rgen and Julien Capul},
  title =    {Extreme response predictions for jack-up units in second order stochastic waves by \{FORM\} },
  journal =  {Probabilistic Engineering Mechanics },
  year =     {2006},
  volume =   {21},
  number =   {4},
  pages =    {330 - 337},
  doi =      {http://dx.doi.org/10.1016/j.probengmech.2005.11.007},
  issn =     {0266-8920},
  keywords = {EDW},
  url =      {http://www.sciencedirect.com/science/article/pii/S0266892005000834}
}

@Article{Kim_1990,
  Title                    = {Second-order sum-frequency wave loads on large-volume structures},
  Author                   = {M.H. Kim},
  Year                     = {1990}
}

@PhdThesis{Pastoor_2002,
  author = {Pastoor L.W.},
  title  = {{On the Assesment of Nonlinear Ship Motions and Loads}},
  school = {T.U. Delft},
  year   = {2002},
}

@InProceedings{Lee_2004,
  Title                    = {Computation of wave effects using the panel method},
  Author                   = {{Lee, C.-H.} and {Newman, J.N.}},
  Booktitle                = {Numerical Modeling in Fluid-Structure Interaction},
  Year                     = {2004},
  Publisher                = {S. Chakrabarti. WIT Press}
}

@InProceedings{LopezPavon_2013,
  author    = {{{Lopez-Pavon, C.} and {Watai, R.A.} and {Ruggeri, F.} and {Simos, A.N.} and {Souto-Iglesias, A.}}},
  title     = {{Influence of wave induced second-order forces in semi-submersible FOWT mooring design}},
  booktitle = {$32^{nd}$ OMAE},
  year      = {2013},
}

@TechReport{AtlasCourant,
  author      = {Pineau-Guillou Lucia},
  title       = {{PREVIMER Validation des atlas de composantes harmoniques de hauteurs et courants de mar\'ee}},
  institution = {Ifremer},
  year        = {2013},
  note        = {http://archimer.ifremer.fr/doc/00157/26801/},
}

@Article{irregularFrequencySimeXiaoBo,
  author =  {Malenica, \v{S} and Chen, X.B.},
  title =   {On the irregular frequencies appearing in wave diffraction-radiation solutions},
  journal = {Intl J. Offshore Polar Engg},
  year =    {1998},
  pages =   {2, 110-14.}
}

@Article{Malenica_1999,
  author =  {Malenica, \v{S} and Eatock Taylor, R. and Huang, J.B.},
  title =   {Second-order water wave diffraction by an array of vertical cylinders},
  journal = {J. Fluid Mech.},
  year =    {1999}
}

@InProceedings{HydroStructInterface,
  author =    {Malenica, \v{S} and Stumpf, E and Sireta, F.X. and Chen, X.B.},
  title =     {Consistent hydro-structure interface for evaluation of global structural responses in linear seakeeping},
  booktitle = {ASME 2008 27th International Conference on Offshore Mechanics and Arctic Engineering},
  year =      {2008},
  volume =    {6},
  number =    {OMAE2008-57077},
  pages =     {61-68},
  journal =   {OMAE}
}

@InProceedings{Malenica_2003_tanks,
  author =    {Malenica, \v{S}. and Zalar, M. and Chen, X-B.},
  title =     {Dynamic coupling of seakeeping and sloshing},
  booktitle = {$13^{th}$ International Offshore and Polar Engineering Conference},
  year =      {2003},
  address =   {Hawai}
}

@InProceedings{Malenica_1993,
  author =    {Sime Malenica},
  title =     {Wave forces on cylinders avancing with small forward speed in water of moderate depth},
  booktitle = {IWWWFB},
  year =      {1993},
  keywords =  {WaveCurrent},
  owner =     {gdehauteclocque},
  timestamp = {2016.11.09}
}

@PhdThesis{Malenica_1994,
  Title                    = {Diffraction du troisi\`{e}me ordre et interaction houle-courant pour un cylindre vertical en profondeur finie.},
  Author                   = {Malenica, S.},
  School                   = {Universit\'{e} de Paris VI, France},
  Year                     = {1994}
}

@TechReport{Malenica_2008,
  Title                    = {{Shallow water initiative. WP3: Hydrodynamic wave loading. NT:2915. ATA:1094B.}},
  Author                   = {Malenica, S.},
  Institution              = {Bureau Veritas},
  Year                     = {2008},
  Month                    = {Juillet},

  Keywords                 = {QTF}
}

@Article{MALENICA199579,
  author =   {S. Malenica and P.J. Clark and B. Molin},
  title =    {Wave and current forces on a vertical cylinder free to surge and sway},
  journal =  {Applied Ocean Research},
  year =     {1995},
  volume =   {17},
  number =   {2},
  pages =    {79 - 90},
  doi =      {http://dx.doi.org/10.1016/0141-1187(95)00002-I},
  issn =     {0141-1187},
  keywords = {WaveCurrent},
  url =      {http://www.sciencedirect.com/science/article/pii/014111879500002I}
}

@InProceedings{Malenica_2003,
  author =    {Malenica, S and Derbanne, Q and Zalar, M. and Chen, X.B.},
  title =     {Wave-current-floating body interactions in water of finite depth},
  booktitle = {$13^{th}$ International Offshore and Polar Engineering Conference},
  year =      {2003},
  address =   {Hawai},
  keywords =  {WaveCurrent}
}

@TechReport{Vertiwind2012_calibration,
  author = {R. Mariani},
  title  = {{Model Test Analysis (Campaign of January 2012) and Numerical Model Calibration}},
  year   = {2012},
}

@Misc{MARIN,
  author       = {MARIN},
  title        = {{MARIN}},
  howpublished = {http://www.marin.nl/web/show/id=80329},
  source       = {internet},
}

@Article{MaskellUrsell1970,
  Title                    = {The transient motion of a floating body},
  Author                   = {S.J. Maskell and F. Ursell},
  Journal                  = {J.},
  Year                     = {1970},
  Number                   = {2},
  Pages                    = {303-313},
  Volume                   = {44},

  Timestamp                = {2016.09.05}
}

@InProceedings{muldif,
  author =    {Hermundstad Elin Marita and Hoff Jan Roger and Stansberg Carl Trygve and Baarholm Rolf Jarle},
  title =     {Effects of wave-current interaction on floating bodies.},
  booktitle = {Proc. 35th Int. Conf. Ocean, Offshore and Arctic Eng., OMAE2016, paper OMAE2016-54868},
  year =      {2016},
  keywords =  {WaveCurrent},
  owner =     {gdehauteclocque},
  timestamp = {2016.10.06}
}

@Article{Matos_2011,
  author  = {{Matos, V.L.F.} and {Simos, A.N.} and {Sphaier, S.H.}},
  title   = {{Second-order resonant heave, roll and pitch motions of a deep-draft semi-submersible: Theoretical and experimental results}},
  journal = {Ocean Engineering},
  year    = {2011},
  volume  = {38},
  pages   = {2227--2243},
}

@Article{Molin_1979,
  Title                    = {Second-order diffraction loads upon three-dimensional bodies},
  Author                   = {B. Molin},
  Journal                  = {Applied Ocean Research},
  Year                     = {1979},

  Keywords                 = {QTF}
}

@Article{Molin_PeriodicPlate_2000,
  Title                    = {On the added mass and damping of periodic arrays of fully or partially porous disks},
  Author                   = {B. Molin},
  Journal                  = {Journal of Fluids and Structures},
  Year                     = {2000}
}

@Book{Molin_2002,
  Title                    = {Hydrodynamique des structures offshore},
  Author                   = {Molin, B.},
  Publisher                = {Editions Technip},
  Year                     = {2002}
}

@TechReport{PorousPlate_ColisLourd,
  Title                    = {Mod\' elisation hydrodynamique de mudmat poreux},
  Author                   = {B. Molin },
  Institution              = {ECM},
  Year                     = {2009},
  Note                     = {CITEPH Installation de colis lourd en grande profondeur}
}

@Article{Molin_PorousPlate_2004,
  Title                    = {Heave added mass and damping of perforated disk below the free surface.},
  Author                   = {B. Molin and Nielsen F.G.},
  Journal                  = {IWWWFB},
  Year                     = {2004}
}

@TechReport{bv20xx_Pressures_Ext,
  Title                    = {Technical Background BV20xx - Formulae for Pressures - Extreme},
  Author                   = {C. Monroy},
  Institution              = {Bureau Veritas},
  Year                     = {2015},
  NUMBER =        {NT-2341},
  Keywords                 = {Rules},

}

@TechReport{bv20xx_Pressures_Fat,
  Title                    = {Technical Background BV20xx - Formulae for Pressures - Fatigue},
  Author                   = {C. Monroy},
  Institution              = {Bureau Veritas},
  Year                     = {2015},
   NUMBER =        {NT-2344},
  Keywords                 = {Rules},

}

@InProceedings{Monroy_2012,
  author =    {Monroy, C. and Chen, X-B. and Giorgiutti, Y.},
  title =     {First and second order wave-current interactions for floating bodies},
  booktitle = {$31^{st}$ International Conference on Offshore and Artic Engineering, Rio de Janeiro, Brazil},
  year =      {2012},
  keywords =  {WaveCurrent}
}

@InProceedings{Monroy_2013,
  Title                    = {A practical delta-omega approximation of low frequency low frequency wave loads},
  Author                   = {{Monroy, C.} and {De Hauteclocque, G.} and {Chen, X-B.}},
  Booktitle                = {$32^{nd}$ International Conference on Offshore and Artic Engineering, Rio de Janeiro, Brazil},
  Year                     = {2013},

  Keywords                 = {QTF}
}

@Misc{AQUAPLUS,
  author       = {Ecole Centrale Nantes},
  title        = {{AQUAPLUS}},
  howpublished = {http://www.ec-nantes.fr/39005876/0/fichepagelibre/},
  source       = {internet},
}

@Misc{ISIS,
  author       = {Ecole Centrale Nantes},
  title        = {{ISIS}},
  howpublished = {http://www.ec-nantes.fr/56465717/0/ficheLLMFpagelibre/},
  source       = {internet},
}

@Article{Newman74,
  Title                    = {Second order, slowly-varying forces},
  Author                   = {J.N. Newman},
  Year                     = {1974},

  Keywords                 = {QTF}
}

@Article{Noblesse_Chen_1995,
  author  = {{Noblesse, F.} and {Chen, X.B.}},
  title   = {{Decomposition of Free-Surface Effects into Wave and Near-Field Components}},
  journal = {{Ship Technology Research}},
  year    = {1995},
  volume  = {42},
  pages   = {167--185},
}

@Article{Nossen_1991,
  author   = {{Nossen, J.} and {Grue, J.} and {Palm, E.}},
  title    = {{Wave forces on three-dimensional floating bodies with small forward speed}},
  journal  = {{Journal of Fluid Mechanics}},
  year     = {1991},
  volume   = {27},
  pages    = {135--160},
  keywords = {WaveCurrent},
}

@TechReport{exWaveSemiModelReport,
  author =    {Fonseca Nuno},
  title =     {Identification of surge and sway wave drift force coefficients from model tests with the EXWAVE semi-submersible},
  year =      {2016},
  keywords =  {ExWave},
  owner =     {gdehauteclocque},
  timestamp = {2016.12.22}
}

@InProceedings{Tromans_1991,
  author    = {Tromans P.S. and Anaturk A.R. and Hagemeijer P.},
  title     = {A new model for the kinematics of large ocean waves - application as a design wave.},
  booktitle = {Proceedings 1st International Offshore and Polar Engineering Conference. UK},
  year      = {1991},
}

@PhdThesis{Pinkster_PhD_1980,
  author = {J. Pinkster},
  title  = {{Low Frequency Second Order Wave Exciting Forces On Floating Structure.}},
  year   = {1980},
}

@Article{Rezende_Chen_2008,
  author   = {F. Rezende and X.B. Chen},
  title    = {Second-order roll motions of {FPSO}},
  journal  = {OMAE},
  year     = {2008},
  keywords = {QTF},
}

@Article{RieneckerFenton81,
  Title                    = {A Fourier approximation method for steady water waves},
  Author                   = {M.M. Rienecker and J.D. Fenton},
  Journal                  = {J.},
  Year                     = {1981},
  Pages                    = {119-137},
  Volume                   = {104},

  Timestamp                = {2016.09.06}
}

@TechReport{ColisLourd_II_EssaiBundle,
  author      = {Benjamin Rousse},
  title       = {{Basins Tests Report - Bundle}},
  institution = {Oceanide},
  year        = {2010},
  number      = {C09.2.054},
  note        = {CITEPH Colis lourd II},
}

@TechReport{ColisLourd_II_EssaiMudmat,
  author      = {Benjamin Rousse},
  title       = {{Basins Tests Report - Mudmat}},
  institution = {Oceanide},
  year        = {2010},
  number      = {C09.2.054},
  note        = {CITEPH Colis lourd II},
}

@TechReport{Rousse2010,
  author      = {Benjamin Rousse},
  title       = {{Basins Tests Report - Mudmat}},
  institution = {Oceanide},
  year        = {2010},
  number      = {C09.2.054},
  note        = {CITEPH Colis lourd II},
}

@Article{EDWLRpastop,
  author   = {RESMI SARALA and Mohammad Hajiarab and Richard Bamford},
  title    = {{Equivalent Design Wave Approach For Calculating Site-Specific Environmental Loads On An FPSO}},
  journal  = {OMAE},
  year     = {2011},
  keywords = {EDW},
}

@Article{Sarpkaya1976,
  author  = {Sarpkaya, T.},
  title   = {{Vortex Shedding and Resistance in Harmonic Flow About Smooth and Rough Circular Cylinders at High Reynolds Numbers}},
  journal = {Technical Report No. NPS-59SL76021.},
  year    = {1976},
  adress  = {Naval Postgraduate School, Monterey, CA},
}

@Article{Sarpkaya1976a,
  author  = {Sarpkaya, T.},
  title   = {{Vortex Shedding and Resistance in Harmonic Flow About Smooth and Rough Circular Cylinders at High Reynolds Numbers}},
  journal = {Technical Report No. NPS-59SL76021.},
  year    = {1976},
  adress  = {Naval Postgraduate School, Monterey, CA},
}

@PhdThesis{SopheakPhd,
  author =    {Sopheak Seng and Pedersen, {Preben Terndrup} and Jensen, {Jørgen Juncher}},
  title =     {Slamming And Whipping Analysis Of Ships},
  year =      {2012},
  note =      {You find the Executive Summary and summary in Danish in the thesis},
  keywords =  {CFD},
  publisher = {DTU Mechanical Engineering}
}

@Article{classnkRules,
  author =    {Toshiyuki Shigemi and Tingyao Zhu},
  title =     {Practical estimation mmethod of the desing loads for primary structural members of tankers},
  journal =   {Marine structures},
  year =      {2003},
  volume =    {16},
  pages =     {275-321},
  keywords =  {Rules},
  timestamp = {2015.09.29}
}

@TechReport{JIP_NLR_2014_CFD_SPEC,
  author      = {Sousa, B.},
  title       = {{JIP Non Linear Roll. Procedure - CFD Blind Test}},
  institution = {Marintek},
  year        = {2014},
  month       = {January},
  keywords    = {Roll},
}

@TechReport{JIP_NLR_2014_BLIND_CFD_RESULTS,
  author      = {{Sousa, B.} and {Ommani, B.}},
  title       = {{JIP Non Linear Roll. - Comparison of blind test CFD results}},
  institution = {Marintek},
  year        = {2014},
  month       = {August},
  keywords    = {Roll},
}

@InProceedings{Ogilvie_1964,
  author    = {Ogilvie T.F.},
  title     = {Recent progress toward the understanding and prediction of ship motions.},
  booktitle = {Symposium on Naval Hydrodynamics.},
  year      = {1964},
}

@TechReport{pt56_report,
  author      = {IACS-Project-Team-56},
  title       = {{Update of IACS UR S11 Longitudinal Strength Standard}},
  institution = {{IACS}},
  year        = {2014},
  keywords    = {Rules},
  timestamp   = {2015.07.16},
}

@Conference{ThilleulJH2014,
  Title                    = {Prediction des reponses extremes pour les structures EMR, apport de la CFD avec surface libre},
  Author                   = {O. Thilleul and C. Berhault and J. Bossard and F. Cany and J.-C. Poirier and F. Surmont},
  Year                     = {2014},

  Timestamp                = {2016.08.26}
}

@InProceedings{torsethaugen2004,
  author =       {Torsethaugen, Knut and Haver, Sverre and others},
  title =        {Simplified double peak spectral model for ocean waves},
  booktitle =    {The Fourteenth International Offshore and Polar Engineering Conference},
  year =         {2004},
  organization = {International Society of Offshore and Polar Engineers}
}

@Article{Trassoudaine199993,
  author =   {D Trassoudaine and M Naciri},
  title =    {A comparison of a heuristic wave drift damping formula with experimental results },
  journal =  {Applied Ocean Research },
  year =     {1999},
  volume =   {21},
  number =   {2},
  pages =    {93 - 97},
  doi =      {http://dx.doi.org/10.1016/S0141-1187(98)00041-8},
  issn =     {0141-1187},
  keywords = {WaveCurrent},
  url =      {http://www.sciencedirect.com/science/article/pii/S0141118798000418}
}

@Article{Riaan2008,
  author   = {Riaan van 't Veer},
  title    = {{Application of Linearized Morison Load in pipe lay stinger design}},
  journal  = {ASME 27th International Conference on Offshore Mechanics and Arctic Engineering, OMAE2008},
  year     = {June 15-20 2008},
  keywords = {Morison},
}

@Article{VeerJune15-202008,
  author  = {Riaan van 't Veer},
  title   = {{Application of Linearized Morison Load in pipe lay stinger design}},
  journal = {ASME 27th International Conference on Offshore Mechanics and Arctic Engineering, OMAE2008},
  year    = {June 15-20 2008},
}

@Book{Ariane,
  title    = {{Ariane7 Theoretical Manual}},
  year     = {2011},
  author   = {Bureau Veritas},
  keywords = {Manual},
}

@Article{Waals_2009,
  Title                    = {On the application of advanced wave analysis in shallow water model testing (wave splitting)},
  Author                   = {O. Waals.},
  Journal                  = {OMAE},
  Year                     = {2009}
}

@Article{Foam,
  author =    {Weller, Henry G and Tabor, G and Jasak, Hrvoje and Fureby, C},
  title =     {A tensorial approach to computational continuum mechanics using object-oriented techniques},
  journal =   {Computers in physics},
  year =      {1998},
  volume =    {12},
  number =    {6},
  pages =     {620--631},
  keywords =  {CFD},
  publisher = {AIP Publishing}
}

@InProceedings{Weigel1969,
  author    = {Wiegel,R. L},
  title     = {{Waves and Their Effects On Pile-supported Structures}},
  booktitle = {Symposium Research on wave action, Delft},
  year      = {1969},
}

@Article{Wiegel1969,
  author = {Wiegel,R. L.},
  title  = {{Waves and Their Effects On Pile-supported Structures}},
  year   = {1969},
  pages  = {1--10},
}

@Article{Wolfram1998,
  author   = {Wolfram, J},
  title    = {{On alternative approaches to linearization and Morison's equation for wave forces}},
  journal  = {Proceedings of the Royal Society A: Mathematical, Physical and Engineering Sciences},
  year     = {1999},
  pages    = {2957--2974},
  keywords = {Morsion},
}

@Article{Wolfram1999,
  author  = {Wolfram, J},
  title   = {{On alternative approaches to linearization and Morison's equation for wave forces}},
  journal = {Proceedings of the Royal Society A: Mathematical, Physical and Engineering Sciences},
  year    = {1999},
  pages   = {2957--2974},
}

@Article{Chen_1994_SW,
  author  = {Chen X.B.},
  title   = {On the side wall efects upon bodies of arbitrary geometry in wave tanks.},
  journal = {Applied Ocean Research},
  year    = {1994},
  pages   = {337--345},
}

@Article{Chen_TLP_1995,
  Title                    = {Numerical evaluation of the springing loads on tension leg platforms},
  Author                   = {Chen X.B. and Molin B. and Petitjean F.},
  Journal                  = {Marine Structures},
  Year                     = {1995},

  Keywords                 = {QTF_HF}
}

@InCollection{Guevel82,
  Title                    = {Gu\'evel P.},
  Booktitle                = {Le probl\`eme de diffraction-radiation - Premi\`ere partie : Th\'eor\`emes fondamentaux},
  Year                     = {1982},

  Organization             = {ENSM, Univ. Nantes}
}

@Manual{bv2000,
  title        = {{NR 467 - Rules for the Classification of Steel Ships}},
  organization = {Bureau Veritas},
  year =         {2000},
  institution =  {Bureau Veritas},
  key =          {NR 467},
  keywords =     {Rules},
  timestamp    = {2016.03.01},
}

@Manual{rec34,
  Title                    = {Standard wave data},
  Organization             = {IACS},
  Year                     = {2001},

  HowPublished             = {IACS recommendation 34},
  Key                      = {IACS}
}

@Manual{CSR_BC,
  title        = {{CSR for Bulk Carriers}},
  organization = {IACS},
  year         = {2005},
  keywords     = {Rules},
}

@Manual{RPC205,
  title        = {{RP C205 - Environmental Conditions and Environmental Loads}},
  organization = {DNV},
  year =         {2007},
  key =          {RP C205},
  keywords =     {Rules},
  timestamp    = {2016.03.31},
}

@TechReport{IMOSpeedTrialDraft,
  title       = {{MEPC 66-INF.7 - Additional information on revision of ISO 150162002 (ISO and ITTC)}},
  institution = {IMO},
  year        = {2013},
}

@Manual{CSR,
  title        = {{Common Structural Rules for Bulk Carriers and Oil Tankers}},
  organization = {IACS},
  year =         {2014},
  key =          {CSR},
  keywords     = {Rules},
}

@TechReport{bv20xx_edw_ext,
  title       = {{Design wave selection - Extreme}},
  institution = {Bureau Veritas - Research Department},
  year =        {2015},
  keywords =    {Rules},
  timestamp   = {2015.07.16},
}

@TechReport{bv20xx_edw_fat,
  title       = {{Design wave selection - Fatigue}},
  institution = {Bureau Veritas - Research Department},
  year =        {2015},
  keywords =    {Rules},
  timestamp   = {2015.07.16},
}

@TechReport{bv20xx_Ext,
  title       = {{Simplified loads formulae from direct calculations - Extreme}},
  institution = {Bureau Veritas - Research Department},
  year =        {2015},
  keywords =    {Rules},
  timestamp   = {2015.07.16},
}

@TechReport{bv20xx_Fat,
  title       = {{Simplified loads formulae from direct calculations - Fatigue}},
  institution = {Bureau Veritas - Research Department},
  year =        {2015},
  keywords =    {Rules},
  timestamp   = {2015.07.16},
}

@Manual{URS11A,
  organization = {IACS},
  year =         {2015},
  key          = {URS11A},
  keywords =     {Rules},
  timestamp    = {2016.03.01},
}

@Manual{NR625,
  title        = {{NR 625 - Structural Rules for Container Ships}},
  organization = {Bureau Veritas},
  year =         {2016},
  key =          {NR 625},
  keywords =     {Rules},
  timestamp    = {2016.04.01},
}

@Misc{CFDSHIP,
  title        = {{CFDSHIP}},
  howpublished = {http://www.iihr.uiowa.edu/~shiphydro/},
  source       = {internet},
}

@Manual{CSR_OT,
  title        = {{CSR for Double Hull Oil Tankers}},
  organization = {IACS},
  key =          {CSR-OT},
  keywords =     {Rules},
  timestamp    = {2016.03.01},
}

@Misc{LMF,
  title        = {{Laboratoire de M\'{e}canique des Fluides}},
  howpublished = {http://www.ec-nantes.fr/LLMF/0/fichestructure/},
  source       = {internet},
}

@Misc{SWAN,
  title        = {{SWAN}},
  howpublished = {http://web.mit.edu/},
  source       = {internet},
}

@Misc{WAMIT,
  title        = {{WAMIT}},
  howpublished = {http://www.wamit.com/},
  source       = {internet},
}

@TechReport{VonKarman_1929,
  author      = {T. von K\'{a}rm\'{a}n},
  title       = {The impact on seaplane floats during landing},
  institution = {NACA},
  year        = {1929},
}

@Article{Wagner_1932,
  author  = {H. Wagner},
  title   = {\"{U}ber Sto{\ss}- und Gleitvorg\"{a}nge and der Oberfl\"{a}che von Fl\"{u}ssikeiten},
  journal = {Zeitschrift f\"{u}r Angewandte Mathematik und Mechanik},
  year    = {1932},
}

@Article{Dobro_1969,
  author  = {Z. N. Dobrovol'skaya},
  title   = {On some problems of similarity flow of fluid with a free surface},
  journal = {Journal of Fluid Mechanics},
  year    = {1969},
  volume  = {36},
  pages   = {805--829},
}

@PhdThesis{DucrozetPhD,
  Title                    = {Mod\'{e}lisation des processus non-lin\'{e}aires de g\'{e}n\'{e}ration et de propagation d' \'{e}tats de mer par une approche spectrale},
  Author                   = {G. Ducrozet},
  School                   = {Ecole Centrale de Nantes},
  Year                     = {2007},

  Timestamp                = {2016.09.06}
}


@Article{SternVV2001,
  Title                    = {Comprehensive approach to Verification and Validation of CFD Simulations-Part I: Methodology and Procedures},
  Author                   = {F. Stern, R.V. Wilson, H.W. Coleman, E.G. Paterson},
  Journal                  = {J. Fluids Eng.},
  Year                     = {2001},
  Number                   = {4},
  Pages                    = {793-802},
  Volume                   = {123},

  Owner                    = {cmonroy},
  Timestamp                = {2016.08.24}
}

@Article{Patterson1969,
  author  = {N. L. Patterson},
  title   = {The optimum addition of points to quadrature formulae},
  journal = {Math. Comp.},
  year    = {1968},
  volume  = {22},
  pages   = {847--856},
  note    = {erratum in Math. Comp. 23, 892, 1969},
}

@Article{Zhao_1993,
  author  = {R. Zhao and O.M. Faltinsen},
  title   = {Water entry of two-dimension bodies},
  journal = {Journal of Fluid Mechanics},
  year    = {1993},
}

@Article{Zhao_1996,
  author  = {R. Zhao and O.M. Faltinsen and J. Aarsnes},
  title   = {Water entry of arbitrary two-dimensionial sections with and without flow separation},
  journal = {21$^{st}$ Symposium on Naval Hydrodynamics},
  year    = {1996},
}

@Article{Semenov_2006,
  author  = {Y. A. Semenov and A. Iafrati},
  title   = {On the nonlinear water entry problems of asymmetric wedges},
  journal = {Journal of Fluid Mechanics},
  year    = {2006},
  volume  = {547},
  pages   = {231--256},
}

@Article{Scolan_2008,
  author  = {Y.-M. Scolan and S. Etienne},
  title   = {{On the use of conformal mapping for the computation of hydrodynamic forces acting on bodies of arbitrary shape. Part 1: simply connected bodies}},
  journal = {Journal of Engineering Mathematics},
  year    = {2008},
  volume  = {60},
  pages   = {209--220},
}

@Article{Tuitman_2009,
  author  = {J.T. Tuitman and \v{S}. Malenica},
  title   = {Fully coupled seakeeping, slamming and whipping calculations},
  journal = {Journal of Engineering for Maritime Environment},
  year    = {2009},
  volume  = {223},
  number  = {3},
}

@Article{deLauzon_2015,
  author  = {J. de Lauzon and M. Grgi\'{c} and Q. Derbanne and \v{S}. Malenica},
  title   = {Improved generalized wagner model for slamming},
  journal = {$7^{th}$ International Conference on Hydroelasticity in Marine Technology},
  year    = {2015},
}

@Article{Monroy_2016,
  author  = {C. Monroy and S. Seng and L.Diebold and A.Benhamou and \v{S}. Malenica and Y. Jus and D. Le Touz\'{e} and G. Oger},
  title   = {Comparative study of different methods for water impact computation},
  journal = {$26^{th}$ International Ocean and Polar Engineering Conference, Rhodes, Greece},
  year    = {2016},
}

@Manual{NRwhisp,
  title        = {{Whipping and Springing Assessment}},
  organization = {Bureau Veritas},
  month        = jul,
  year         = {2015},
  note         = {NR 583},
}

@TechReport{wilsIII,
  author      = {S.-Y. Hong and others},
  title       = {{Wave Induced Loads on Ships Joint Industry Project-III}},
  institution = {Korea Research Institute of Ships \& Ocean Engineering},
  year        = {2014},
}

@InProceedings{Horte_2007,
  author    = {T. H{\o}rte and G. Wang and N.White},
  title     = {{Calibration of the Hull Girder Ultimate Capacity Criterion for Double Hull Tankers}},
  booktitle = {Proceedings of the 10th International symposium on practical design of ships and other floating structures (PRADS)},
  year      = {2007},
  pages     = {235--246},
  journal   = {Proceedings of the 10th International symposium on practical design of ships and other floating structures (PRADS)},
}

@Article{Guedes-Soares_1990,
  author  = {C. {Guedes Soares}},
  title   = {{Stochastic Modeling of Maximum Still-Water Load Effects in Ship Structures}},
  journal = {Journal of Ship Research},
  year    = {1990},
  volume  = {34},
  number  = {3},
  pages   = {199--205},
  month   = sep,
}

@InProceedings{Huang_2010,
  author    = {W. Huang},
  title     = {{Simplified Combination of Still Water and Wave Loads with the Emphasis in Considering a General Weibull Characteristic of Wave Loads}},
  booktitle = {Proceeding of the ASME 2010 29th International Conference on Offshore Mechanics and Arctic Engineering (OMAE2010)},
  year      = {2010},
  journal   = {OMAE},
}

@Article{Teixeira_2013,
  author  = {A. P. Teixeira and C. {Guedes Soares} and N.-A. Chen and G. Wang},
  title   = {{Uncertainty Analysis of Load Combination Factors for Global Longitudinal Bending Moments of Double-hull Tankers}},
  journal = {Journal of Ship Research},
  year    = {2013},
  volume  = {57},
  number  = {1},
  pages   = {42--58},
  month   = mar,
}

@InProceedings{Guedes-Soares_1988,
  author    = {C. {Guedes Soares} and T. Moan},
  title     = {{Statistical analysis of Still Water Load Effects on Ship Structure}},
  booktitle = {Transactions of the Society of Naval Architects and Marine Engineers (SNAME)},
  year      = {1988},
  volume    = {96},
  number    = {4},
  pages     = {129--156},
  journal   = {Transactions of the Society of Naval Architects and Marine Engineers (SNAME)},
}

@Article{Teixeira_2005,
  author  = {A. P. Teixeira and C. {Guedes Soares}},
  title   = {{Assessment of Partial Safety Factors for the Longitudinal Strength of Tankers}},
  journal = {Maritime Transportation and Exploitation of Ocean and Coastal Resources},
  year    = {2005},
  volume  = {2},
  pages   = {1601--1610},
}

@Article{Ostergaard_1992,
  author  = {C. \¨Ostergaard},
  title   = {{Partial Safety Factors for Vertical Bending Loads on Containerships}},
  journal = {Journal of Offshore Mechanics and Arctic Engineering},
  year    = {1992},
  volume  = {114},
  number  = {2},
  pages   = {129--136},
  month   = may,
}

@Article{Huang_2008,
  author  = {W. Huang and T. Moan},
  title   = {Analytical method of combining global longitudinal loads for ocean-going ships},
  journal = {Probabilistic Engineering Mechanics},
  year    = {2008},
  volume  = {23},
  number  = {1},
  pages   = {64--75},
  month   = jan,
}

@Article{Huang_2005,
  author  = {W. Huang and T. Moan},
  title   = {Combination of global still-water and wave load effects for reliability-based design of floating production, storage and offloading ({FPSO}) vessels},
  journal = {Applied Ocean Research},
  year    = {2005},
  volume  = {27},
  number  = {3},
  pages   = {127--141},
  month   = jun,
}

@Article{Guedes-Soares_1996,
  author  = {C. {Guedes Soares} and S. Dias},
  title   = {{Probabilistic Models of Still-Water Load Effects in Containerships}},
  journal = {Marine Structures},
  year    = {1996},
  volume  = {9},
  pages   = {287--312},
}

@Article{Madsen_1990,
  author  = {H. O. Madsen and L. Tvedt},
  title   = {Methods for time dependent reliability and sensitivity analysis},
  journal = {Journal of Engineering Mechanics},
  year    = {1990},
  volume  = {116},
  number  = {10},
  pages   = {2118--2135},
}

@Article{Naess_1989b,
  author  = {A. Naess},
  title   = {Prediction of extreme values of linear combination of load effects},
  journal = {Proceedings of $2^{nd}$ FIP WG7.5 conference on reliability and optimization of structural systems},
  year    = {1989},
}

@Article{Naess_1989a,
  author  = {A. Naess},
  title   = {A study of linear combination of load effects},
  journal = {Journal of Sound and Vibration},
  year    = {1989},
  volume  = {129},
  number  = {2},
  pages   = {83--98},
}

@Article{Naess_2000,
  author  = {A. Naess},
  title   = {{Extensions of Turkstra's rule and their application to combination of dependent load effects}},
  journal = {Structural Safety},
  year    = {2000},
  volume  = {22},
  pages   = {129--143},
}

@InBook{Tusiani_1996,
  chapter   = {4},
  pages     = {61},
  title     = {{The Petroleum Shipping Industry: A nontechnical overview, Volume 1}},
  publisher = {Pennwell Pub},
  year      = {1996},
  author    = {M. D. Tusiani},
  editor    = {PennWell},
}

@Misc{CMA-CGM_2016,
  author       = {{CMA-CGM}},
  title        = {{CMA-CGM : Line Services}},
  howpublished = {http://www.cma-cgm.com/products-services/line-services/solution},
  year         = {2016},
}

@Manual{openturns_man,
  title        = {{OpenTURNS 1.7 - Reference Guide}},
  organization = {OpenTURNS},
  year         = {2016},
}

@Standard{DNV_30.6,
  title        = {{Structural Reliability Analysis of Marine Structures}},
  organization = {DNV},
  institution  = {DNV},
  author       = {DNV},
  howpublished = {CN 30.6},
  month        = jul,
  year         = {1992},
}

@PhdThesis{Turkstra_1970,
  author = {C. J. Turkstra},
  title  = {{Theory of Structural Safety}},
  school = {Solid Mechanics Division, University of Waterloo, Ontario},
  year   = {1970},
  type   = {{SM Study No.2}},
}

@InProceedings{Teixeira_2016,
  author    = {A. P. Teixeira and J. P. Guia and C. {Guedes Soares}},
  title     = {{Effect of IMO s environmental criterion on the optimum hull girder safety level}},
  booktitle = {Transactions of the Society of Naval Architects and Marine Engineers (SNAME)},
  year      = {2016},
  volume    = {123},
  pages     = {196--206},
  journal   = {Transactions of the Society of Naval Architects and Marine Engineers (SNAME)},
}

@Book{Papanikolaou_2009,
  title     = {{Risk-Based Ship Design}},
  publisher = {Springer},
  year      = {2009},
  editor    = {Apostolos D. Papanikolaou},
}

@InBook{Papanikolaou_2009_ch5,
  chapter   = {5},
  pages     = {232-244},
  title     = {{Risk-Based Ship Design}},
  publisher = {Springer},
  year      = {2009},
  editor    = {Apostolos D. Papanikolaou},
}

@Article{Guedes-Soares_1992,
  author  = {C. {Guedes Soares}},
  title   = {{Combination of Primary Load Effects in Ship Structures}},
  journal = {Probabilistic Engineering Mechanics},
  year    = {1992},
  volume  = {7},
  pages   = {103--111},
}

@Article{Wang_1996,
  author  = {W. Wang and T. Moan},
  title   = {{Stochastic an Deterministic Combinations of Still and Wave Bending Moments in Ships}},
  journal = {Marine Structures},
  year    = {1996},
  volume  = {9},
  pages   = {787--810},
}

@InProceedings{Guedes-Soares_1996-2,
  author    = {C. {Guedes Soares} and M. Digliani and C. Ostergaard and G. Parmentier and P. T. Pedersen},
  title     = {Reliability Based Ship Structural Design},
  booktitle = {Transactions of the Society of Naval Architects and Marine Engineers (SNAME)},
  year      = {1996},
  volume    = {104},
  pages     = {357--389},
  journal   = {Transactions of the Society of Naval Architects and Marine Engineers (SNAME)},
}

@Article{Guedes-Soares_1991,
  author  = {C. {Guedes Soares} and T. Moan},
  title   = {{Model Uncertainty in the Long-Term Distribution of Wave Induced Bending Moments for Fatigue Design of Ship Structures}},
  journal = {Marine Structures},
  year    = {1991},
  volume  = {4},
  pages   = {295--315},
}

@Article{Paik_2001,
  author  = {J. K. Paik and P. A. Frieze},
  title   = {{Ship structural safety and reliability}},
  journal = {{Progress in Structural Engineering and Materials}},
  year    = {2001},
  volume  = {3},
  number  = {2},
}

@Article{Guedes-Soares_2000,
  author  = {C. {Guedes Soares} and A. P. Teixeira},
  title   = {{Structural Reliability of Two Bulk Carrier Designs}},
  journal = {Marine Structures},
  year    = {2000},
  volume  = {13},
  number  = {2},
  pages   = {107--128},
}

@InProceedings{Spencer_2003,
  author    = {J. S. Spencer and P. H. Wirsching and X. Wang and A. E. Mansour},
  title     = {{Development of Reliability Based Classification Rules for Tankers}},
  booktitle = {Transactions of the Society of Naval Architects and Marine Engineers (SNAME)},
  year      = {2003},
  volume    = {111},
  journal   = {Transactions of the Society of Naval Architects and Marine Engineers (SNAME)},
}

@PhdThesis{Yu_2010,
  author = {L. Yu},
  title  = {{Fatigue Reliability of Ship Structures}},
  school = {University of Glasgow},
  year   = {2010},
  type   = {phdthesis},
}

@TechReport{Mansour_1997,
  author      = {A. Mansour and P. H. Wirsching and M. Luckett and A. Plumpton},
  title       = {{Assessment of Reliability of Existing Ship Structures}},
  institution = {Ship Structure Committee},
  year        = {1997},
  type        = {techreport},
  number      = {398},
}

@Article{Wirsching_1988,
  author  = {P. H. Wirsching and Y.-N. Chen},
  title   = {{Considerations of Probability-Based Fatigue Design for Marine Structures}},
  journal = {Marine Structures},
  year    = {1988},
  volume  = {1},
  number  = {1},
  pages   = {23--45},
}

@Comment{jabref-meta: databaseType:bibtex;}
